
@incollection{profp,
year={2012},
isbn={978-3-642-31234-2},
booktitle={Scientific and Statistical Database Management},
volume={7338},
series={Lecture Notes in Computer Science},
editor={Ailamaki, Anastasia and Bowers, Shawn},
doi={10.1007/978-3-642-31235-9-3},
title={Probabilistic Frequent Pattern Growth for Itemset Mining in Uncertain Databases},
url={http://dx.doi.org/10.1007/978-3-642-31235-9-3},
publisher={Springer Berlin Heidelberg},
author={Bernecker, Thomas and Kriegel, Hans-Peter and Renz, Matthias and Verhein, Florian and Züfle, Andreas},
pages={38-55}
}
@inproceedings{todis,
 author = {Sun, Liwen and Cheng, Reynold and Cheung, David W. and Cheng, Jiefeng},
 title = {Mining Uncertain Data with Probabilistic Guarantees},
 booktitle = {Proceedings of the 16th ACM SIGKDD International Conference on Knowledge Discovery and Data Mining},
 series = {KDD '10},
 year = {2010},
 isbn = {978-1-4503-0055-1},
 location = {Washington, DC, USA},
 pages = {273--282},
 numpages = {10},
 url = {http://doi.acm.org/10.1145/1835804.1835841},
 doi = {10.1145/1835804.1835841},
 acmid = {1835841},
 publisher = {ACM},
 address = {New York, NY, USA},
 keywords = {association rule, frequent pattern, uncertain data},
}

@inproceedings{pfpm,
 author = {Bernecker, Thomas and Kriegel, Hans-Peter and Renz, Matthias and Verhein, Florian and Zuefle, Andreas},
 title = {Probabilistic Frequent Itemset Mining in Uncertain Databases},
 booktitle = {Proceedings of the 15th ACM SIGKDD International Conference on Knowledge Discovery and Data Mining},
 series = {KDD '09},
 year = {2009},
 isbn = {978-1-60558-495-9},
 location = {Paris, France},
 pages = {119--128},
 numpages = {10},
 url = {http://doi.acm.org/10.1145/1557019.1557039},
 doi = {10.1145/1557019.1557039},
 acmid = {1557039},
 publisher = {ACM},
 address = {New York, NY, USA},
 keywords = {frequent itemset mining, probabilistic data, probabilistic frequent itemsets, uncertain databases},
}

@inproceedings{uhmine,
 author = {Aggarwal, Charu C. and Li, Yan and Wang, Jianyong and Wang, Jing},
 title = {Frequent Pattern Mining with Uncertain Data},
 booktitle = {Proceedings of the 15th ACM SIGKDD International Conference on Knowledge Discovery and Data Mining},
 series = {KDD '09},
 year = {2009},
 isbn = {978-1-60558-495-9},
 location = {Paris, France},
 pages = {29--38},
 numpages = {10},
 url = {http://doi.acm.org/10.1145/1557019.1557030},
 doi = {10.1145/1557019.1557030},
 acmid = {1557030},
 publisher = {ACM},
 address = {New York, NY, USA},
 keywords = {uncertain data},
}

@Inbook{Leung2013,
author="Leung, Carson Kai-Sang
and Tanbeer, Syed Khairuzzaman",
editor="Pei, Jian
and Tseng, Vincent S.
and Cao, Longbing
and Motoda, Hiroshi
and Xu, Guandong",
title="PUF-Tree: A Compact Tree Structure for Frequent Pattern Mining of Uncertain Data",
bookTitle="Advances in Knowledge Discovery and Data Mining: 17th Pacific-Asia Conference, PAKDD 2013, Gold Coast, Australia, April 14-17, 2013, Proceedings, Part I",
year="2013",
publisher="Springer Berlin Heidelberg",
address="Berlin, Heidelberg",
pages="13--25",
isbn="978-3-642-37453-1",
doi="10.1007/978-3-642-37453-1-2",
url="http://dx.doi.org/10.1007/978-3-642-37453-1-2"
}


@Inbook{Chui2007,
author="Chui, Chun-Kit
and Kao, Ben
and Hung, Edward",
editor="Zhou, Zhi-Hua
and Li, Hang
and Yang, Qiang",
title="Mining Frequent Itemsets from Uncertain Data",
bookTitle="Advances in Knowledge Discovery and Data Mining: 11th Pacific-Asia Conference, PAKDD 2007, Nanjing, China, May 22-25, 2007. Proceedings",
year="2007",
publisher="Springer Berlin Heidelberg",
address="Berlin, Heidelberg",
pages="47--58",
isbn="978-3-540-71701-0",
doi="10.1007/978-3-540-71701-0-8",
url="http://dx.doi.org/10.1007/978-3-540-71701-0-8"
}


@techreport{RN5,
   author = {Asanovic, Krste and Bodik, Ras and Catanzaro, Bryan Christopher and Gebis, Joseph James and Husbands, Parry and Keutzer, Kurt and Patterson, David A. and Plishker, William Lester and Shalf, John and Williams, Samuel Webb and Yelick, Katherine A.},
   title = {The Landscape of Parallel Computing Research: A View from Berkeley},
   institution = {EECS Department, University of California, Berkeley},
   number = {UCB/EECS-2006-183},
   month = {December 18},
   url = {http://www.eecs.berkeley.edu/Pubs/TechRpts/2006/EECS-2006-183.html},
   year = {2006},
   type = {Report}
}

@techreport{RN7,
   author = {Bailey, D. and Harris, T. and Saphir, W. and Van Der Wijngaart, R. and Woo, A. and Yarrow, M.},
   title = {The NAS Parallel Benchmarks 2.0},
   DOI = {citeulike-article-id:3336079},
   url = {http://citeseerx.ist.psu.edu/viewdoc/summary?doi=10.1.1.34.1548},
   type = {Report}
}

@inproceedings{RN2,
   author = {Jayakumar, A. and Murali, P. and Vadhiyar, S.},
   title = {Matching Application Signatures for Performance Predictions Using a Single Execution},
   booktitle = {Parallel and Distributed Processing Symposium (IPDPS), 2015 IEEE International},
   pages = {1161-1170},
   ISBN = {1530-2075},
   DOI = {10.1109/IPDPS.2015.20},
   type = {Conference Proceedings}
}

@techreport{RN6,
   author = {Kaiser, Alex and Williams, Samuel and Madduri, Kamesh and Ibrahim, Khaled and Bailey, David and Demmel, James and Strohmaier, Erich},
   title = {TORCH Computational Reference Kernels: A Testbed for Computer Science Research},
   institution = {EECS Department, University of California, Berkeley},
   number = {UCB/EECS-2010-144},
   month = {December 7},
   url = {http://www.eecs.berkeley.edu/Pubs/TechRpts/2010/EECS-2010-144.html},
   year = {2010},
   type = {Report}
}

@inbook{RN12,
   author = {Kaltofen, Erich L.},
   title = {Numerical and Symbolic Scientific Computing: Progress and Prospects},
   editor = {Langer, Ulrich and Paule, Peter},
   publisher = {Springer Vienna},
   pages = {95-104},
   year = {2012},
   type = {Book Section}
}

@inproceedings{RN1,
   author = {Sodhi, S. and Subhlok, J.},
   title = {Skeleton based performance prediction on shared networks},
   booktitle = {Cluster Computing and the Grid, 2004. CCGrid 2004. IEEE International Symposium on},
   pages = {723-730},
   DOI = {10.1109/CCGrid.2004.1336704},
   type = {Conference Proceedings}
}

@article{RN3,
   author = {Wong, A. and Rexachs, D. and Luque, E.},
   title = {Parallel Application Signature for Performance Analysis and Prediction},
   journal = {IEEE Transactions on Parallel and Distributed Systems},
   volume = {26},
   number = {7},
   pages = {2009-2019},
   ISSN = {1045-9219},
   DOI = {10.1109/TPDS.2014.2329688},
   year = {2015},
   type = {Journal Article}
}

@inproceedings{RN4,
   author = {Yang, L. T. and Xiaosong, Ma and Mueller, F.},
   title = {Cross-Platform Performance Prediction of Parallel Applications Using Partial Execution},
   booktitle = {Supercomputing, 2005. Proceedings of the ACM/IEEE SC 2005 Conference},
   pages = {40-40},
   DOI = {10.1109/SC.2005.20},
   type = {Conference Proceedings}
}

@misc{SNAP,
   author = {National Energy Reserach Scientific Computer Center, NERSC},
   title = {SNAP},
   url = {http://www.nersc.gov/research-and-development/apex/apex-benchmarks/snap/},
   year = {2015},
   type = {Report}
}

@misc{SMG2000,
   author = {{Lawrence Livermore National Laboratory}},
   title = {The SMG2000 Benchmark Code},
   url = {https://asc.llnl.gov/computing\_resources/purple/archive/bench-marks/smg/},
   year = {2015},
   type = {Report}
}

@misc{HPCG,
   author = {{The High Performance Conjugate Gradients project, HPCG}},
   title = {The High Performance Conjugate Gradients (HPCG) Benchmark},
   url = {http://www.hpcg-benchmark.org/index.html},
   year = {2015},
   type = {Report}
}

@misc{TAU,
   author = {{Performance Research Lab, PRL}},
   title = {TAU Performance System},
   url = {http://www.cs.uoregon.edu/research/tau/home.php},
   year = {2015},
   type = {Report}
}

@misc{NAS,
   author = {{NASA Advanced Supercomputing Division, NAS}},
   title = {NAS Parallel Benchmarks},
   url = {http://www.nas.nasa.gov/publications/npb.html},
   year = {2015},
   type = {Report}
}

@misc{HPCS,
   author = {{HPC Challenge, HPCS}},
   title = {HPC Challenge Benchmark},
   url = {http://icl.cs.utk.edu/hpcc/index.html},
   year = {2015},
   type = {Report}
}

@misc{PICKSC,
   author = {{Particle-in-Cell and Kinetic Simulation Software Center, PICKSC}},
   title = {Particle-in-Cell skeleton code},
   url = {http://picksc.idre.ucla.edu/software/skeleton-code/},
   year = {2015},
   type = {Report}
}


@misc{POLYBENCH,
   author = {{The Ohio State University, OSU}},
   title = {PolyBench C: the Polyhedral Benchmark suite},
   url = {http://web.cse.ohio-state.edu/~pouchet/software/polybench/},
   year = {2015},
   type = {Report}
}


@misc{BEBOP,
   author = {{Gahvari,H. and Hoemmen,M. and Demmel,J. and Yelick,K.}},
   title = {BeBOP SpMV Benchmark},
   url = {http://bebop.cs.berkeley.edu/spmvbench/},
   year = {2015},
   type = {Report}
}

@misc{papi,
   author = {Mucci  et al., P. },
   title = {Performance Application Programming Interface},
   url = {http://icl.cs.utk.edu/papi/},
   year = {2015},
   type = {Report}
}

@inproceedings{Barnes:2008,
 author = {Barnes, Bradley J. and Rountree, Barry and Lowenthal, David K. and Reeves, Jaxk and de Supinski, Bronis and Schulz, Martin},
 title = {A Regression-based Approach to Scalability Prediction},
 booktitle = {Proceedings of the 22Nd Annual International Conference on Supercomputing},
 series = {ICS '08},
 year = {2008},
 location = {Island of Kos, Greece},
 pages = {368--377},
}

@article{Singh:2007,
 author = {Singh, Karan and Ipek, Engin and McKee, Sally A. and de Supinski, Bronis R. and Schulz, Martin and Caruana, Rich},
 title = {Predicting Parallel Application Performance via Machine Learning Approaches: Research Articles},
 journal = {Concurr. Comput. : Pract. Exper.},
 issue_date = {December 2007},
 volume = {19},
 number = {17},
 month = dec,
 year = {2007},
 pages = {2219--2235},
 publisher = {John Wiley and Sons Ltd.},
 address = {Chichester, UK}
}
