


@article{1,
  title={QuickCheck: a lightweight tool for random testing of Haskell programs},
  author={Claessen, Koen and Hughes, John},
  journal={Acm sigplan notices},
  volume={46},
  number={4},
  pages={53--64},
  year={2011},
  publisher={ACM}
}
@inproceedings{2,
  title={Finding and understanding bugs in C compilers},
  author={Yang, Xuejun and Chen, Yang and Eide, Eric and Regehr, John},
  booktitle={ACM SIGPLAN Notices},
  volume={46},
  number={6},
  pages={283--294},
  year={2011},
  organization={ACM}
}

@article{3,
  title={Troubleshooting blackbox SDN control software with minimal causal sequences},
  author={Scott, Colin and Wundsam, Andreas and Raghavan, Barath and Panda, Aurojit and Or, Andrew and Lai, Jefferson and Huang, Eugene and Liu, Zhi and El-Hassany, Ahmed and Whitlock, Sam and others},
  journal={ACM SIGCOMM Computer Communication Review},
  volume={44},
  number={4},
  pages={395--406},
  year={2015},
  publisher={ACM}
}

@article{4,
  title={Impossibility of distributed consensus with one faulty process},
  author={Fischer, Michael J and Lynch, Nancy A and Paterson, Michael S},
  journal={Journal of the ACM (JACM)},
  volume={32},
  number={2},
  pages={374--382},
  year={1985},
  publisher={ACM}
}
@article{5,
  title={Simplifying and isolating failure-inducing input},
  author={Zeller, Andreas and Hildebrandt, Ralf},
  journal={IEEE Transactions on Software Engineering},
  volume={28},
  number={2},
  pages={183--200},
  year={2002},
  publisher={IEEE}
}
@inproceedings{6,
  title={Yesterday, my program worked. Today, it does not. Why?},
  author={Zeller, Andreas},
  booktitle={Software Engineering—ESEC/FSE’99},
  pages={253--267},
  year={1999},
  organization={Springer}
}
@book{7,
  title={Partial-order methods for the verification of concurrent systems: an approach to the state-explosion problem},
  author={Godefroid, Patrice and Van Leeuwen, J and Hartmanis, J and Goos, G and Wolper, Pierre},
  volume={1032},
  year={1996},
  publisher={Springer Heidelberg}
}

@inproceedings{8,
  title={Dynamic partial-order reduction for model checking software},
  author={Flanagan, Cormac and Godefroid, Patrice},
  booktitle={ACM Sigplan Notices},
  volume={40},
  number={1},
  pages={110--121},
  year={2005},
  organization={ACM}
}

@inproceedings{9,
  title={Verifying atomicity via data independence},
  author={Shacham, Ohad and Yahav, Eran and Gueta, Guy Golan and Aiken, Alex and Bronson, Nathan and Sagiv, Mooly and Vechev, Martin},
  booktitle={Proceedings of the 2014 International Symposium on Software Testing and Analysis},
  pages={26--36},
  year={2014},
  organization={ACM}
}

@inproceedings{10,
  title={Enabling tracing of long-running multithreaded programs via dynamic execution reduction},
  author={Tallam, Sriraman and Tian, Chen and Gupta, Rajiv and Zhang, Xiangyu},
  booktitle={Proceedings of the 2007 international symposium on Software testing and analysis},
  pages={207--218},
  year={2007},
  organization={ACM}
}
