
@inproceedings{amdahl,
 author = {Amdahl, Gene M.},
 title = {Validity of the Single Processor Approach to Achieving Large Scale Computing Capabilities},
 booktitle = {Proceedings of the April 18-20, 1967, Spring Joint Computer Conference},
 series = {AFIPS '67 (Spring)},
 year = {1967},
 location = {Atlantic City, New Jersey},
 pages = {483--485},
 numpages = {3},
 url = {http://doi.acm.org/10.1145/1465482.1465560},
 doi = {10.1145/1465482.1465560},
 acmid = {1465560},
 publisher = {ACM},
 address = {New York, NY, USA},
}

@inproceedings{one,
    author = {Lei Hu and Ian Gorton},
    title = {Performance Evaluation for Parallel Systems: A Survey},
    institution = {},
    year = {1997}
}

@inproceedings{two,
    author = {Luis Gamarra Jimenez},
    title = {Survey of Processor Architectures and Applied Metrics},
    institution = {},
    year = {2001}
}
@misc{WinNT,
  title = {Computational Performance Analysis of Parallel Applications},
  howpublished = {\url{https://portal.enes.org/ISENES2/documents/na2-working-documents/performance-metrics-1}},
  note = {Accessed: 05-09-2017}
}

@article{floyd,
 author = {Floyd, Robert W.},
 title = {Algorithm 97: Shortest Path},
 journal = {Commun. ACM},
 issue_date = {June 1962},
 volume = {5},
 number = {6},
 month = jun,
 year = {1962},
 issn = {0001-0782},
 pages = {345--},
 url = {http://doi.acm.org/10.1145/367766.368168},
 doi = {10.1145/367766.368168},
 acmid = {368168},
 publisher = {ACM},
 address = {New York, NY, USA},
}
